<record><leader>00000cas a22000007a 4500</leader><controlfield tag="001">11298095</controlfield><controlfield tag="008">841023d18751897iauwr ne      0    0eng d</controlfield><datafield ind1=" " ind2=" " tag="010"><subfield code="a">sn 84038393 </subfield></datafield><datafield ind1=" " ind2=" " tag="040"><subfield code="a">NPX</subfield><subfield code="b">eng</subfield><subfield code="c">NPX</subfield><subfield code="d">INP</subfield><subfield code="d">OCLCQ</subfield></datafield><datafield ind1=" " ind2=" " tag="042"><subfield code="a">msc</subfield></datafield><datafield ind1="0" ind2=" " tag="130"><subfield code="a">Prairie City news (Prairie City, Iowa : 1875)</subfield></datafield><datafield ind1="1" ind2="0" tag="245"><subfield code="a">Prairie City news.</subfield></datafield><datafield ind1=" " ind2=" " tag="260"><subfield code="a">Prairie City, Iowa :</subfield><subfield code="b">[s.n.],</subfield><subfield code="c">1875-</subfield></datafield><datafield ind1=" " ind2=" " tag="300"><subfield code="a">v. :</subfield><subfield code="b">ill. (chiefly advertisements) ;</subfield><subfield code="c">51-56 cm.</subfield></datafield><datafield ind1=" " ind2=" " tag="310"><subfield code="a">Weekly</subfield></datafield><datafield ind1="0" ind2=" " tag="362"><subfield code="a">Vol. 1, no. 1 (Apr. 30, 1875)-</subfield></datafield><datafield ind1="1" ind2=" " tag="362"><subfield code="a">Ceased July 1, 1897.</subfield><subfield code="z">Cf. Prairie City news (Prairie City, Iowa : 1901), July 9, 1975.</subfield></datafield><datafield ind1=" " ind2=" " tag="500"><subfield code="a">Publishers: H.L. M'Ginitie, Oct. 29, 1875-&lt;Jan. 24, 1879&gt;; Byron C. Ward, Jan. 27, 1879-</subfield></datafield><datafield ind1=" " ind2=" " tag="500"><subfield code="a">Vol. 1, no. 1 (Apr. 30, 1875)--reprinted as a supplement to the centennial edition of Prairie City news (Prairie City, Iowa : 1901), July 9, 1975.</subfield></datafield><datafield ind1=" " ind2=" " tag="500"><subfield code="a">Editors: H.L. M'Ginitie, 1875-&lt;Jan. 24, 1879&gt;; Byron C. Ward, Jan. 27, 1879-</subfield></datafield><datafield ind1=" " ind2=" " tag="515"><subfield code="a">Nov. 5, 1875, issue not published.</subfield></datafield><datafield ind1=" " ind2=" " tag="515"><subfield code="a">Vol. 3, nos. 29-36 misnumbered Vol. 3, nos. 26-33.</subfield></datafield><datafield ind1=" " ind2=" " tag="515"><subfield code="a">Vol. 4, nos. 31-38 omitted in numbering.</subfield></datafield><datafield ind1=" " ind2=" " tag="515"><subfield code="a">Suspended May 9-16, 1884. Cf. Prairie City news (Prairie City, Iowa : 1901), July 9, 1975.</subfield></datafield><datafield ind1=" " ind2=" " tag="525"><subfield code="a">Includes occasional supplements.</subfield></datafield><datafield ind1=" " ind2=" " tag="752"><subfield code="a">United States</subfield><subfield code="b">Iowa</subfield><subfield code="c">Jasper</subfield><subfield code="d">Prairie City.</subfield></datafield><datafield ind1="0" ind2="7" tag="785"><subfield code="t">Kodak (Prairie City, Iowa)</subfield></datafield><datafield ind1="0" ind2="7" tag="785"><subfield code="t">News-kodak</subfield><subfield code="g">July 1, 1897</subfield></datafield><datafield ind1="1" ind2=" " tag="029"><subfield code="a">AU@</subfield><subfield code="b">000025821341</subfield></datafield></record>